
@book{quotearthursamuel,
	author = {Simon, Phil.},
	isbn = {9781118638170},
	publisher = {John Wiley {\&} Sons},
	title = {{Too big to ignore : the business case for big data}},
	year = {2013}
}

@article{whodunnitguardian,
	author = {Haroon Siddique},
	month = {aug},
	title = {{How to spot whodunnit: academics crack Agatha Christie's code | Books | The Guardian}},
	url = {https://www.theguardian.com/books/2015/aug/02/academics-unlock-formula-agatha-christies-mysteries},
	year = {2015}
}

@online{criminalcase,
	title = {Who Is The Killer?}
	author = {Pretty Simple},
	url = {http://www.prettysimplegames.com/games/},
	urldate = {2016-08-15},
	year = {2012}
}

@article{weka,
	author = {{Hall Eibe Frank}, Mark and Holmes, Geoffrey and {Pfahringer Peter Reutemann}, Bernhard and Witten, Ian H},
	journal = {SIGKDD Explorations},
	number = {1},
	title = {The WEKA Data Mining Software: An Update},
	volume = {11},
	year = {2009}
}

@book{wekabook,
	author = {Witten, I. H. (Ian H.) and Frank, Eibe and Hall, Mark A. (Mark Andrew)},
	isbn = {9780123748560},
	pages = {629},
	publisher = {Morgan Kaufmann},
	title = {{Data mining practical machine learning tools and techniques}},
	year = {2011}
}

@book{userstoriesbook,
	author = {Cohn, Mike},
	isbn = {9780321205681},
	pages = {268},
	publisher = {Addison-Wesley},
	title = {{User stories applied : for agile software development}},
	year = {2004}
}